% --------------------------------------- Books ----------------------------------------- %
@book{Sebesta,
    author    = {Sebesta, Robert W.},
    title     = {Concepts of Programming Languages},
    year      = {2013},
    edition   = {10},
    publisher = {Pearson}
}

@book(SICP,
    author = {Abelson, Harold and Sussman, Gerald Jay and Sussman, Julie},
    title = {Structure and Interpretation of Computer Programs},
    year = {1996},
    edition = {2nd},
    publisher = {MIT Press}
}

@book{Ranta,
    author    = {Ranta, Aarne},
    title     = {Implementing Programming Languages},
    subtitle  = {An Introduction to Compilers and Interpreters},
    year      = {2012},
    publisher = {College Publications}
}

@book(DragonBook,
    author    = {Aho, Alfred V. and Lam, Monica S. and Sethi, Ravi and 
    Ullman, Jeffery D.},
    title     = {Compilers: Principles, Techniques and Tools},
    year      = {2006},
    edition   = {2},
    publisher = {Pearson},
}

@book(Martin,
    author    = {Martin, John C.},
    title     = {Introduction to Languages and the Theory of Computation},
    year      = {2011},
    edition   = {4},
    publisher = {McGraw-Hill},
}

@book{SimonPeytonJones,
    author    = {Peyton Jones, Simon},
    title     = {The Implementation of Functional Programming Languages},
    year      = {1987},
    month     = {January},
    publisher = {Prentice Hall},
    url       = {https://www.microsoft.com/en-us/research/publication/the-implementation-of-functional-programming-languages/},
}

@book{PierceTAPL,
    author    = {Pierce, Benjamin C.},
    title     = {Types and Programming Languages},
    date      = {2002-01-04},
    publisher = {MIT Press}
}

@book{MilewskiCTFP,
    author = {Milewski, Bartosz},
    title  = {Category Theory for Programmers},
    date   = {2018-10-21},
    url    = {https://github.com/hmemcpy/milewski-ctfp-pdf/}
}

@book{HuttonHaskell,
    author = {Hutton, Graham},
    title = {Programming in Haskell},
    year = {2016},
    publisher = {Cambridge University Press},
    edition = {2},
}

@book{WaiteBook,
    author = {Waite, William M. and Goos, Gerhard},
    title = {Compiler Construction},
    year = {1984},
    publisher = {Springer-Verlag New York}
}

@book{Louden,
    author = {Louden, Kenneth C.},
    title = {Compiler Construction: Principles and Practice},
    year = {1997},
    publisher = {PWS Publishing Company}
}

@book{PierceCategory,
    author = {Pierce, Benjamin C.},
    title = {Basic Category Theory for Computer Scientists},
    year = {1991},
    publisher = {MIT Press},
}


% --------------------------------- Technical Reports ----------------------------------- %
@techreport{Typical,
    author = {Grimm, Robert and Harris, Laune and Le, Anh},
    title = {Typical: Taking the Tedium Out of Typing},
    institution = {New York University},
    year = {2007}
}

@report{LBNFReport,
    author = {Forsberg, Markus and Ranta, Aarne},
    title = {The Labelled {BNF} Grammar Formalism},
    institution = {University of Gothenburg},
    year = {2005},
    type = {resreport}
}
% --------------------------------------- Papers ---------------------------------------- %

@article{KnuthGrammars,
    author       = {Knuth, Donald E.},
    title        = {Semantics of Context-Free Languages},
    year         = {1968},
    journaltitle = {Mathematical Systems Theory},
    volume       = {2},
    number       = {2},
    pages        = {127-145}
}

@article{KnuthCorrection,
    author = {Knuth, Donald E.},
    title = {Semantics of Context-Free Languages: Correction},
    year = {1971},
    journaltitle = {Mathematical Systems Theory},
    volume = {5},
    number = {2},
    pages = {95-96}
}

@article{OgdenAGComplexity,
    author = {Jazayeri, Mehdi and Ogden, William F. and Rounds, William C.},
    title = {The Intrinsically Exponential Complexity of the Circularity Problem for Attribute Grammars},
    journaltitle = {Communications of the ACM},
    volume = {18},
    number = {12},
    month = {December},
    year = {1975},
    pages = {697-706},
    publisher = {ACM}
}

@inproceedings{WaitePaper,
    author = {Waite, William M.},
    title = {Use of Attribute Grammars in Compiler Construction},
    booktitle = {Attribute Grammars and their Applications},
    year = {1990},
    publisher = {Springer Berlin Heidelberg},
    pages = {255-265},
    editor = {Deransart, P. and Jourdan M.}
}

% These might go in related works, but aren't as relevant and useful as I thought
@inbook{JohnHannan,
    author    = {Hannan, John},
    editor    = {Mogensen, Torben \AE. and Schmidt, David A. and Sudborough, I. Hal},
    title     = {On Extracting Static Semantics},
    booktitle = {The Essence of Computation: Complexity, Analysis, Transformation},
    date      = {2002-12-16},
    publisher = {Springer Berlin Heidelberg},
    address   = {Berlin, Heidelberg},
    pages     = {157-171}
}

@inproceedings{Mosses,
    author = {Mosses, Peter D.},
    editor = {Bj{\o}rner, Dines and Broy, Manfred, and Zamulin, Alexandre V.},
    title = {The Varieties of Programming Language Semantics and Their Uses},
    booktitle = {Perspectives of System Informatics},
    year = {2001},
    publisher = {Springer Berlin Heidelberg},
    address = {Berlin, Heidelberg},
    pages = {165-190}
}

@inproceedings{Catamorphisms,
    author = {Meijer, Erik and Fokkinga, Maarten and Paterson, Ross},
    editor = {Hughes, John},
    title = {Functional Programming with Bananas, Lenses, Envelopes and Barbed
        Wire},
    booktitle = {Functional Programming Languages and Computer Architecture},
    year = {1991},
    publisher = {Springer Berlin Heidelberg},
    pages = {124-144}
}

@article{NeilJones,
    author       = {Jones, Neil D.},
    title        = {{Static Semantics, Types,} and {Binding Time Analysis}},
    date         = {1991-11-11},
    journaltitle = {Theoretical Computer Science},
    volume       = {90},
    number       = {1},
    pages        = {95-118}
}

@incollection{CSHandbook,
   author = {Cardelli, Luca},
   title = {Type Systems},
   booktitle = {The Computer Science Handbook},
   year = {2004},
   editor = {Tucker, Allen B.},
   edition = {2},
   chapter = {97},
}

@article{Paakki,
    author = {Paakki, Jukka},
    title = {Attribute Grammars Paradigms - A High Level Methodology in Language
    Implementation},
    journaltitle = {ACM Computing Surveys},
    volume = {27},
    number = {2},
    month = {June},
    year = {1995},
    pages = {196-255},
    publisher = {ACM}
}

}
% ----------------------------------------- Websites --------------------------------
@online{BNFC,
    author = {Gothenburg Centre for Language Technology},
    title  = {{BNFC} - {BNF} Converter},
    year   = {2019},
    url    = {http://bnfc.digitalgrammars.com/},
    urldate = {2019-02-01},
}
